@article{singh2017multiOU,
author = {Singh, Rajesh and Ghosh, Dipanjan and Adhikari, R.},
Title = {Fast Bayesian inference of the multivariate Ornstein-Uhlenbeck process},
journal = {arxiv:1706.04961},
year = {2017},
}